<?xml version="1.0" encoding="UTF-8"?>
<SOAP-ENV:Envelope xmlns:SOAP-ENV="http://schemas.xmlsoap.org/soap/envelope/" xmlns:ns1="http://oss.dbc.dk/ns/openformat" xmlns:os="http://oss.dbc.dk/ns/opensearch" xmlns:dc="http://purl.org/dc/elements/1.1/" xmlns:dkabm="http://biblstandard.dk/abm/namespace/dkabm/" xmlns:ISO639-2="http://lcweb.loc.gov/standards/iso639-2/" xmlns:dcmitype="http://purl.org/dc/dcmitype/" xmlns:dcterms="http://purl.org/dc/terms/" xmlns:ac="http://biblstandard.dk/ac/namespace/" xmlns:dkdcplus="http://biblstandard.dk/abm/namespace/dkdcplus/" xmlns:oss="http://oss.dbc.dk/ns/osstypes" xmlns:marcx="info:lc/xmlns/marcxchange-v1" xmlns:xsi="http://www.w3.org/2001/XMLSchema-instance">
  <SOAP-ENV:Body>
    <ns1:formatRequest>
      <ns1:originalData>
        <os:collection>
          <os:resultPosition>1</os:resultPosition>
          <os:numberOfObjects>1</os:numberOfObjects>
          <os:object>
            <dkabm:record>
              <ac:identifier>36429291|870971</ac:identifier>
              <dc:identifier xsi:type="dcterms:URI">https://www.mm.dk/issuedownloader/88254</dc:identifier>
              <ac:source>Tidsskriftsartikler</ac:source>
              <dc:title>Asteroiden er landet</dc:title>
              <dc:title xsi:type="dkdcplus:full">Asteroiden er landet</dc:title>
              <dc:creator xsi:type="dkdcplus:aut">Erik Rasmussen</dc:creator>
              <dc:creator xsi:type="oss:sort">Rasmussen, Erik</dc:creator>
              <dc:subject xsi:type="dkdcplus:DK5">55.8</dc:subject>
              <dc:subject xsi:type="dkdcplus:DK5-Text">Meteorologi</dc:subject>
              <dc:subject xsi:type="dkdcplus:DBCF">international politik</dc:subject>
              <dc:subject xsi:type="dkdcplus:DBCF">klimapolitik</dc:subject>
              <dc:subject xsi:type="dkdcplus:DBCF">klimaændringer</dc:subject>
              <dc:subject xsi:type="dkdcplus:DBCF">miljøpolitik</dc:subject>
              <dcterms:abstract>Hvis en asteroide havde kurs mod jorden, ville verdens beslutningstagere sætte alt ind på at afværge katastrofen. I virkelighedens verden er klimaforandringerne en mindst lige så stor trussel mod menneskeheden. Men de politiske ledere diskuterer stadig, hvornår og hvordan konsekvenserne vil vise sig. De har tilsyneladende ikke opdaget, at katastrofen allerede er indtruffet</dcterms:abstract>
              <dcterms:audience>voksenmaterialer</dcterms:audience>
              <dc:date>2015</dc:date>
              <dc:type xsi:type="dkdcplus:BibDK-Type">Tidsskriftsartikel</dc:type>
              <dcterms:extent>S. 28-31</dcterms:extent>
              <dc:language xsi:type="dcterms:ISO639-2">dan</dc:language>
              <dc:language>Dansk</dc:language>
              <dcterms:isPartOf>Mandag morgen, 2015, nr. 10</dcterms:isPartOf>
              <dcterms:isPartOf xsi:type="dkdcplus:ISSN">0905-4332</dcterms:isPartOf>
            </dkabm:record>
            <marcx:collection>
              <marcx:record format="danMARC2" type="Bibliographic">
                <marcx:leader>00000n    2200000   4500</marcx:leader>
                <marcx:datafield ind1="0" ind2="0" tag="001">
                  <marcx:subfield code="a">36429291</marcx:subfield>
                  <marcx:subfield code="b">870971</marcx:subfield>
                  <marcx:subfield code="c">20150317122509</marcx:subfield>
                  <marcx:subfield code="d">20150317</marcx:subfield>
                  <marcx:subfield code="f">a</marcx:subfield>
                </marcx:datafield>
                <marcx:datafield ind1="0" ind2="0" tag="004">
                  <marcx:subfield code="r">n</marcx:subfield>
                  <marcx:subfield code="a">i</marcx:subfield>
                </marcx:datafield>
                <marcx:datafield ind1="0" ind2="0" tag="008">
                  <marcx:subfield code="t">a</marcx:subfield>
                  <marcx:subfield code="u">f</marcx:subfield>
                  <marcx:subfield code="a">2015</marcx:subfield>
                  <marcx:subfield code="b">dk</marcx:subfield>
                  <marcx:subfield code="d">y</marcx:subfield>
                  <marcx:subfield code="l">dan</marcx:subfield>
                  <marcx:subfield code="n">b</marcx:subfield>
                  <marcx:subfield code="r">ap</marcx:subfield>
                  <marcx:subfield code="v">0</marcx:subfield>
                </marcx:datafield>
                <marcx:datafield ind1="0" ind2="0" tag="009">
                  <marcx:subfield code="a">a</marcx:subfield>
                  <marcx:subfield code="g">xx</marcx:subfield>
                  <marcx:subfield code="g">xe</marcx:subfield>
                </marcx:datafield>
                <marcx:datafield ind1="0" ind2="0" tag="016">
                  <marcx:subfield code="a">07027265</marcx:subfield>
                </marcx:datafield>
                <marcx:datafield ind1="0" ind2="0" tag="032">
                  <marcx:subfield code="a">ABU201513</marcx:subfield>
                  <marcx:subfield code="a">DAR201513</marcx:subfield>
                </marcx:datafield>
                <marcx:datafield ind1="0" ind2="0" tag="086">
                  <marcx:subfield code="a">Meteorologi</marcx:subfield>
                </marcx:datafield>
                <marcx:datafield ind1="0" ind2="0" tag="245">
                  <marcx:subfield code="a">Asteroiden er landet</marcx:subfield>
                </marcx:datafield>
                <marcx:datafield ind1="0" ind2="0" tag="300">
                  <marcx:subfield code="a">S. 28-31</marcx:subfield>
                </marcx:datafield>
                <marcx:datafield ind1="0" ind2="0" tag="504">
                  <marcx:subfield code="a">Hvis en asteroide havde kurs mod jorden, ville verdens beslutningstagere sætte alt ind på at afværge katastrofen. I virkelighedens verden er klimaforandringerne en mindst lige så stor trussel mod menneskeheden. Men de politiske ledere diskuterer stadig, hvornår og hvordan konsekvenserne vil vise sig. De har tilsyneladende ikke opdaget, at katastrofen allerede er indtruffet</marcx:subfield>
                </marcx:datafield>
                <marcx:datafield ind1="0" ind2="0" tag="557">
                  <marcx:subfield code="a">Mandag morgen</marcx:subfield>
                  <marcx:subfield code="j">2015</marcx:subfield>
                  <marcx:subfield code="z">0905-4332</marcx:subfield>
                  <marcx:subfield code="V">2015, nr. 0010</marcx:subfield>
                  <marcx:subfield code="v">2015, nr. 10</marcx:subfield>
                </marcx:datafield>
                <marcx:datafield ind1="0" ind2="0" tag="652">
                  <marcx:subfield code="m">55.8</marcx:subfield>
                </marcx:datafield>
                <marcx:datafield ind1="0" ind2="0" tag="666">
                  <marcx:subfield code="0"/>
                  <marcx:subfield code="f">miljøpolitik</marcx:subfield>
                </marcx:datafield>
                <marcx:datafield ind1="0" ind2="0" tag="666">
                  <marcx:subfield code="0"/>
                  <marcx:subfield code="f">klimaændringer</marcx:subfield>
                </marcx:datafield>
                <marcx:datafield ind1="0" ind2="0" tag="666">
                  <marcx:subfield code="0"/>
                  <marcx:subfield code="f">klimapolitik</marcx:subfield>
                </marcx:datafield>
                <marcx:datafield ind1="0" ind2="0" tag="666">
                  <marcx:subfield code="0"/>
                  <marcx:subfield code="f">international politik</marcx:subfield>
                </marcx:datafield>
                <marcx:datafield ind1="0" ind2="0" tag="700">
                  <marcx:subfield code="a">Rasmussen</marcx:subfield>
                  <marcx:subfield code="h">Erik</marcx:subfield>
                  <marcx:subfield code="4">aut</marcx:subfield>
                </marcx:datafield>
                <marcx:datafield ind1="0" ind2="0" tag="856">
                  <marcx:subfield code="z">Adgangsmåde: Internet</marcx:subfield>
                  <marcx:subfield code="u">https://www.mm.dk/issuedownloader/88254</marcx:subfield>
                  <marcx:subfield code="z">Adgang til netdokument eller til login eller køb</marcx:subfield>
                </marcx:datafield>
                <marcx:datafield ind1="0" ind2="0" tag="996">
                  <marcx:subfield code="a">IDX</marcx:subfield>
                </marcx:datafield>
              </marcx:record>
            </marcx:collection>
            <os:identifier>870971-tsart:36429291</os:identifier>
            <os:primaryObjectIdentifier>870971-tsart:36429291</os:primaryObjectIdentifier>
            <os:recordStatus>active</os:recordStatus>
            <os:creationDate>2015-03-17</os:creationDate>
            <os:holdingsCount>0</os:holdingsCount>
            <os:lendingLibraries>0</os:lendingLibraries>
            <os:relations>
              <os:relation>
                <os:relationType>dbcaddi:hasOnlineAccess</os:relationType>
                <os:relationUri>[useraccessinfomedia]?action=getArticle&amp;faust=36429291&amp;libraryCode=[libraryCode]&amp;userId=[userId]&amp;userPinCode=[userPinCode]</os:relationUri>
                <os:linkObject>
                  <os:accessType>rest</os:accessType>
                  <os:access>remote</os:access>
                  <os:linkTo>webservice</os:linkTo>
                  <os:linkCollectionIdentifier>870971-tsart</os:linkCollectionIdentifier>
                </os:linkObject>
              </os:relation>
              <os:relation>
                <os:relationType>dbcaddi:hasOpenUrl</os:relationType>
                <os:relationUri>_BASEURL_url_ctx_fmt=info:ofi/fmt:kev:mtx:ctx&amp;ctx_ver=Z39.88-2004&amp;rft_val_fmt=info:ofi/fmt:kev:mtx:journal&amp;rft.atitle=Asteroiden+er+landet&amp;rft.aulast=Rasmussen&amp;rft.aufirst=Erik&amp;rft.auinit=E&amp;rft.jtitle=Mandag+morgen&amp;rft.date=2015&amp;rft.issue=10&amp;rft.pages=28-31&amp;rft.spage=28&amp;rft.epage=31&amp;rft.issn=0905-4332&amp;rft.genre=article</os:relationUri>
                <os:linkObject>
                  <os:access>remote</os:access>
                  <os:linkTo>resolver</os:linkTo>
                  <os:linkCollectionIdentifier>870971-tsart</os:linkCollectionIdentifier>
                </os:linkObject>
              </os:relation>
              <os:relation>
                <os:relationType>dbcbib:isPartOfManifestation</os:relationType>
                <os:relationUri>830370-katalog:N000017742</os:relationUri>
                <os:relationObject>
                  <os:object>
                    <dkabm:record>
                      <ac:identifier>N000017742|830370</ac:identifier>
                      <dc:identifier xsi:type="dkdcplus:ISSN">0905-4332</dc:identifier>
                      <ac:source>Bibliotekskatalog</ac:source>
                      <dc:title>Ugebrevet Mandag Morgen</dc:title>
                      <dc:title xsi:type="dkdcplus:full">Ugebrevet Mandag Morgen</dc:title>
                      <dcterms:audience>voksenmaterialer</dcterms:audience>
                      <dc:publisher>xx</dc:publisher>
                      <dc:type xsi:type="dkdcplus:BibDK-Type">Periodikum</dc:type>
                    </dkabm:record>