
                    <marcx:collection>
                      <marcx:record format="danMARC2" type="Bibliographic">
                        <marcx:leader>00000n    2200000   4500</marcx:leader>
                        <marcx:datafield ind1="0" ind2="0" tag="001">
                          <marcx:subfield code="a">N000017742</marcx:subfield>
                          <marcx:subfield code="b">830370</marcx:subfield>
                          <marcx:subfield code="f">a</marcx:subfield>
                        </marcx:datafield>
                        <marcx:datafield ind1="0" ind2="0" tag="004">
                          <marcx:subfield code="r">n</marcx:subfield>
                          <marcx:subfield code="a">e</marcx:subfield>
                        </marcx:datafield>
                        <marcx:datafield ind1="0" ind2="0" tag="008">
                          <marcx:subfield code="t">p</marcx:subfield>
                          <marcx:subfield code="v">4</marcx:subfield>
                        </marcx:datafield>
                        <marcx:datafield ind1="0" ind2="0" tag="009">
                          <marcx:subfield code="a">a</marcx:subfield>
                          <marcx:subfield code="g">xx</marcx:subfield>
                        </marcx:datafield>
                        <marcx:datafield ind1="0" ind2="0" tag="022">
                          <marcx:subfield code="a">0905-4332</marcx:subfield>
                        </marcx:datafield>
                        <marcx:datafield ind1="0" ind2="0" tag="096">
                          <marcx:subfield code="z">830370</marcx:subfield>
                          <marcx:subfield code="f">Næstved</marcx:subfield>
                          <marcx:subfield code="d">Bibliotek</marcx:subfield>
                        </marcx:datafield>
                        <marcx:datafield ind1="0" ind2="0" tag="096">
                          <marcx:subfield code="z">830370</marcx:subfield>
                          <marcx:subfield code="t">20040226</marcx:subfield>
                        </marcx:datafield>
                        <marcx:datafield ind1="0" ind2="0" tag="245">
                          <marcx:subfield code="a">Ugebrevet Mandag Morgen</marcx:subfield>
                        </marcx:datafield>
                        <marcx:datafield ind1="0" ind2="0" tag="260">
                          <marcx:subfield code="a">København</marcx:subfield>
                          <marcx:subfield code="b">xx</marcx:subfield>
                        </marcx:datafield>
                        <marcx:datafield ind1="0" ind2="0" tag="980">
                          <marcx:subfield code="d">1999-</marcx:subfield>
                          <marcx:subfield code="t">Tidskrift</marcx:subfield>
                          <marcx:subfield code="y">830370</marcx:subfield>
                        </marcx:datafield>
                      </marcx:record>
                    </marcx:collection>
                    <os:identifier>830370-katalog:N000017742</os:identifier>
                    <os:creationDate>2004-02-26</os:creationDate>
                    <os:formatsAvailable>
                      <os:format>dkabm</os:format>
                      <os:format>marcxchange</os:format>
                    </os:formatsAvailable>
                  </os:object>
                </os:relationObject>
              </os:relation>
              <os:relation>
                <os:relationType>dbcbib:isPartOfManifestation</os:relationType>
                <os:relationUri>830060-katalog:0KD006815S</os:relationUri>
                <os:relationObject>
                  <os:object>
                    <dkabm:record>
                      <ac:identifier>0KD006815S|830060</ac:identifier>
                      <dc:identifier xsi:type="dkdcplus:ISSN">0905-4332</dc:identifier>
                      <ac:source>Bibliotekskatalog</ac:source>
                      <dc:title>Mandag morgen navigation</dc:title>
                      <dc:title xsi:type="dkdcplus:full">Mandag morgen navigation</dc:title>
                      <dcterms:alternative>Mandagmorgen navigation</dcterms:alternative>
                      <dc:subject xsi:type="dkdcplus:DK5">30.26</dc:subject>
                      <dc:subject xsi:type="dkdcplus:DK5-Text">Danmarks samfundsforhold i alm.</dc:subject>
                      <dcterms:audience>voksenmaterialer</dcterms:audience>
                      <dc:publisher>Mandag Morgen Media</dc:publisher>
                      <dc:date>2012</dc:date>
                      <dc:type xsi:type="dkdcplus:BibDK-Type">Periodikum</dc:type>
                      <dc:language xsi:type="dcterms:ISO639-2">dan</dc:language>
                      <dc:language>Dansk</dc:language>
                    </dkabm:record>