
                    <marcx:collection>
                      <marcx:record format="danMARC2" type="Bibliographic">
                        <marcx:leader>00000c    2200000   4500</marcx:leader>
                        <marcx:datafield ind1="0" ind2="0" tag="001">
                          <marcx:subfield code="a">07027265</marcx:subfield>
                          <marcx:subfield code="b">870970</marcx:subfield>
                          <marcx:subfield code="c">20140313085934</marcx:subfield>
                          <marcx:subfield code="d">19900319</marcx:subfield>
                          <marcx:subfield code="f">a</marcx:subfield>
                        </marcx:datafield>
                        <marcx:datafield ind1="0" ind2="0" tag="002">
                          <marcx:subfield code="b">810010</marcx:subfield>
                          <marcx:subfield code="d">09054332</marcx:subfield>
                          <marcx:subfield code="x">81001009054332</marcx:subfield>
                        </marcx:datafield>
                        <marcx:datafield ind1="0" ind2="0" tag="004">
                          <marcx:subfield code="r">c</marcx:subfield>
                          <marcx:subfield code="a">e</marcx:subfield>
                        </marcx:datafield>
                        <marcx:datafield ind1="0" ind2="0" tag="008">
                          <marcx:subfield code="t">p</marcx:subfield>
                          <marcx:subfield code="u">c</marcx:subfield>
                          <marcx:subfield code="a">1989</marcx:subfield>
                          <marcx:subfield code="b">dk</marcx:subfield>
                          <marcx:subfield code="c">w</marcx:subfield>
                          <marcx:subfield code="h">p</marcx:subfield>
                          <marcx:subfield code="i">b</marcx:subfield>
                          <marcx:subfield code="l">dan</marcx:subfield>
                          <marcx:subfield code="v">0</marcx:subfield>
                        </marcx:datafield>
                        <marcx:datafield ind1="0" ind2="0" tag="009">
                          <marcx:subfield code="a">a</marcx:subfield>
                          <marcx:subfield code="g">xx</marcx:subfield>
                        </marcx:datafield>
                        <marcx:datafield ind1="0" ind2="0" tag="022">
                          <marcx:subfield code="a">0905-4332</marcx:subfield>
                        </marcx:datafield>
                        <marcx:datafield ind1="0" ind2="0" tag="032">
                          <marcx:subfield code="a">DBÅ199014</marcx:subfield>
                          <marcx:subfield code="a">DPF199014</marcx:subfield>
                          <marcx:subfield code="x">SFD199014</marcx:subfield>
                          <marcx:subfield code="x">DAT199950</marcx:subfield>
                          <marcx:subfield code="x">DAT200827</marcx:subfield>
                          <marcx:subfield code="a">DPF201242</marcx:subfield>
                          <marcx:subfield code="x">DAT201413</marcx:subfield>
                        </marcx:datafield>
                        <marcx:datafield ind1="0" ind2="0" tag="082">
                          <marcx:subfield code="a">948.905 7</marcx:subfield>
                        </marcx:datafield>
                        <marcx:datafield ind1="0" ind2="0" tag="222">
                          <marcx:subfield code="a">Mandag morgen</marcx:subfield>
                          <marcx:subfield code="b">Papirform</marcx:subfield>
                        </marcx:datafield>
                        <marcx:datafield ind1="0" ind2="0" tag="245">
                          <marcx:subfield code="a">Mandag morgen</marcx:subfield>
                        </marcx:datafield>
                        <marcx:datafield ind1="0" ind2="0" tag="255">
                          <marcx:subfield code="a">Nr. 1, 6. november 1989-</marcx:subfield>
                        </marcx:datafield>
                        <marcx:datafield ind1="0" ind2="0" tag="260">
                          <marcx:subfield code="a">København</marcx:subfield>
                          <marcx:subfield code="d">Valkendorfsgade 13, 1009 K</marcx:subfield>
                          <marcx:subfield code="b">Mandag Morgen Media</marcx:subfield>
                          <marcx:subfield code="c">[1989]-</marcx:subfield>
                        </marcx:datafield>
                        <marcx:datafield ind1="0" ind2="0" tag="500">
                          <marcx:subfield code="a">Ugentlig</marcx:subfield>
                        </marcx:datafield>
                        <marcx:datafield ind1="0" ind2="0" tag="505">
                          <marcx:subfield code="&amp;">1</marcx:subfield>
                          <marcx:subfield code="a">Tidsskrift</marcx:subfield>
                        </marcx:datafield>
                        <marcx:datafield ind1="0" ind2="0" tag="512">
                          <marcx:subfield code="i">Varianttitel</marcx:subfield>
                          <marcx:subfield code="t">MM</marcx:subfield>
                        </marcx:datafield>
                        <marcx:datafield ind1="0" ind2="0" tag="512">
                          <marcx:subfield code="i">Varianttitel</marcx:subfield>
                          <marcx:subfield code="t">Ugebrevet Mandag morgen</marcx:subfield>
                        </marcx:datafield>
                        <marcx:datafield ind1="0" ind2="0" tag="512">
                          <marcx:subfield code="a">Nr. 24, 2012-07, 2014 kun udkommet online</marcx:subfield>
                        </marcx:datafield>
                        <marcx:datafield ind1="0" ind2="0" tag="512">
                          <marcx:subfield code="a">Tillægget MM elite udkommer 1. mandag i hver måned med egen nummerering</marcx:subfield>
                        </marcx:datafield>
                        <marcx:datafield ind1="0" ind2="0" tag="526">
                          <marcx:subfield code="i">Også på internettet</marcx:subfield>
                          <marcx:subfield code="t">Mandag morgen</marcx:subfield>
                        </marcx:datafield>
                        <marcx:datafield ind1="0" ind2="0" tag="539">
                          <marcx:subfield code="a">08, 3. marts 2014</marcx:subfield>
                        </marcx:datafield>
                        <marcx:datafield ind1="0" ind2="0" tag="652">
                          <marcx:subfield code="m">30.26</marcx:subfield>
                        </marcx:datafield>
                        <marcx:datafield ind1="0" ind2="0" tag="996">
                          <marcx:subfield code="a">810010</marcx:subfield>
                        </marcx:datafield>
                      </marcx:record>
                    </marcx:collection>
                    <os:identifier>870970-basis:07027265</os:identifier>
                    <os:creationDate>2005-03-01</os:creationDate>
                    <os:relations>
                      <os:relation>
                        <os:relationType>dbcaddi:hasOnlineAccess</os:relationType>
                        <os:relationUri>http://www.mm.dk</os:relationUri>
                        <os:linkObject>
                          <os:linkTo>website</os:linkTo>
                          <os:linkCollectionIdentifier>820010-katalog</os:linkCollectionIdentifier>
                          <os:linkCollectionIdentifier>870970-forsk</os:linkCollectionIdentifier>
                        </os:linkObject>
                      </os:relation>
                      <os:relation>
                        <os:relationType>dbcaddi:hasOnlineAccess</os:relationType>
                        <os:relationUri>https://www.mm.dk/</os:relationUri>
                        <os:linkObject>
                          <os:linkTo>website</os:linkTo>
                          <os:linkCollectionIdentifier>820010-katalog</os:linkCollectionIdentifier>
                          <os:linkCollectionIdentifier>870970-forsk</os:linkCollectionIdentifier>
                        </os:linkObject>
                      </os:relation>
                      <os:relation>
                        <os:relationType>dbcaddi:hasOnlineAccess</os:relationType>
                        <os:relationUri>http://www.mm.dk/</os:relationUri>
                        <os:linkObject>
                          <os:linkTo>website</os:linkTo>
                          <os:linkCollectionIdentifier>820120-katalog</os:linkCollectionIdentifier>
                          <os:linkCollectionIdentifier>870970-forsk</os:linkCollectionIdentifier>
                        </os:linkObject>
                      </os:relation>
                      <os:relation>
                        <os:relationType>dbcaddi:hasOnlineAccess</os:relationType>
                        <os:relationUri>http://sfx.minibib.dk/diis?urlv̲er=Z39.88-2004&amp;urlc̲txf̲mt=infofi/fmt:kev:mtx:ctx&amp;ctxe̲nc=info:ofi/enc:UTF-8&amp;ctxv̲er=Z39.88-2004&amp;rfri̲d=info:sid/sfxit.com:azlist&amp;sfx.ignored̲atet̲hreshold=1&amp;rft.objecti̲d=1000000000020858&amp;svc.fulltext=yes</os:relationUri>
                        <os:linkObject>
                          <os:linkTo>website</os:linkTo>
                          <os:linkCollectionIdentifier>850160-katalog</os:linkCollectionIdentifier>
                          <os:linkCollectionIdentifier>870970-forsk</os:linkCollectionIdentifier>
                        </os:linkObject>
                      </os:relation>
                    </os:relations>
                    <os:formatsAvailable>
                      <os:format>dkabm</os:format>
                      <os:format>marcxchange</os:format>
                    </os:formatsAvailable>
                  </os:object>
                </os:relationObject>
              </os:relation>
              <os:relation>
                <os:relationType>dbcbib:isPartOfManifestation</os:relationType>
                <os:relationUri>820030-katalog:919763</os:relationUri>
                <os:relationObject>
                  <os:object>
                    <dkabm:record>
                      <ac:identifier>919763|820030</ac:identifier>
                      <dc:identifier xsi:type="dkdcplus:ISSN">0905-4332</dc:identifier>
                      <dc:identifier xsi:type="dcterms:URI">http://bifrost.bib.sdu.dk:9003/sfxl̲ocal?urlv̲er=Z39.88-2004&amp;ctxv̲er=Z39.88-2004&amp;ctxe̲nc=info:ofi/enc:UTF-8&amp;rfri̲d=info:sid/sfxit.com:opac8̲56&amp;urlc̲txf̲mt=info:ofi/fmt:kev:mtx:ctx&amp;sfx.ignored̲atet̲hreshold=1&amp;rft.objecti̲d=1000000000020858&amp;svcv̲alf̲mt=info:ofi/fmt:kev:mtx:schs̲vc&amp;</dc:identifier>
                      <ac:source>Bibliotekskatalog</ac:source>
                      <dc:title>Ugebrevet Mandag morgen</dc:title>
                      <dc:title xsi:type="dkdcplus:full">Ugebrevet Mandag morgen</dc:title>
                      <dcterms:audience>voksenmaterialer</dcterms:audience>
                      <dc:publisher>Huset Mandag Morgen</dc:publisher>
                      <dc:type xsi:type="dkdcplus:BibDK-Type">Periodikum (net)</dc:type>
                    </dkabm:record>