
                    <marcx:collection>
                      <marcx:record format="danMARC2" type="Bibliographic">
                        <marcx:leader>00000n    2200000   4500</marcx:leader>
                        <marcx:datafield ind1="0" ind2="0" tag="001">
                          <marcx:subfield code="a">919763</marcx:subfield>
                          <marcx:subfield code="b">820030</marcx:subfield>
                          <marcx:subfield code="f">a</marcx:subfield>
                        </marcx:datafield>
                        <marcx:datafield ind1="0" ind2="0" tag="004">
                          <marcx:subfield code="r">n</marcx:subfield>
                          <marcx:subfield code="a">e</marcx:subfield>
                          <marcx:subfield code="n">w</marcx:subfield>
                        </marcx:datafield>
                        <marcx:datafield ind1="0" ind2="0" tag="008">
                          <marcx:subfield code="t">p</marcx:subfield>
                          <marcx:subfield code="v">4</marcx:subfield>
                        </marcx:datafield>
                        <marcx:datafield ind1="0" ind2="0" tag="009">
                          <marcx:subfield code="a">a</marcx:subfield>
                          <marcx:subfield code="g">xe</marcx:subfield>
                        </marcx:datafield>
                        <marcx:datafield ind1="0" ind2="0" tag="011">
                          <marcx:subfield code="a">sfx1000000000020858</marcx:subfield>
                        </marcx:datafield>
                        <marcx:datafield ind1="0" ind2="0" tag="022">
                          <marcx:subfield code="a">0905-4332</marcx:subfield>
                        </marcx:datafield>
                        <marcx:datafield ind1="0" ind2="0" tag="096">
                          <marcx:subfield code="z">820030</marcx:subfield>
                        </marcx:datafield>
                        <marcx:datafield ind1="0" ind2="0" tag="245">
                          <marcx:subfield code="a">Ugebrevet Mandag morgen</marcx:subfield>
                        </marcx:datafield>
                        <marcx:datafield ind1="0" ind2="0" tag="260">
                          <marcx:subfield code="a">København</marcx:subfield>
                          <marcx:subfield code="b">Huset Mandag Morgen</marcx:subfield>
                        </marcx:datafield>
                        <marcx:datafield ind1="0" ind2="0" tag="856">
                          <marcx:subfield code="u">http://bifrost.bib.sdu.dk:9003/sfxl̲ocal?urlv̲er=Z39.88-2004&amp;ctxv̲er=Z39.88-2004&amp;ctxe̲nc=info:ofi/enc:UTF-8&amp;rfri̲d=info:sid/sfxit.com:opac8̲56&amp;urlc̲txf̲mt=info:ofi/fmt:kev:mtx:ctx&amp;sfx.ignored̲atet̲hreshold=1&amp;rft.objecti̲d=1000000000020858&amp;svcv̲alf̲mt=info:ofi/fmt:kev:mtx:schs̲vc&amp;</marcx:subfield>
                          <marcx:subfield code="z">Elektronisk udgave</marcx:subfield>
                        </marcx:datafield>
                        <marcx:datafield ind1="0" ind2="0" tag="980">
                          <marcx:subfield code="y">820030</marcx:subfield>
                          <marcx:subfield code="x">Infomedia:Full Text</marcx:subfield>
                          <marcx:subfield code="a">Available from 1997.</marcx:subfield>
                        </marcx:datafield>
                        <marcx:datafield ind1="0" ind2="0" tag="980">
                          <marcx:subfield code="y">820030</marcx:subfield>
                          <marcx:subfield code="x">Miscellaneous Ejournals:Full Text</marcx:subfield>
                          <marcx:subfield code="a">Available from 1997.</marcx:subfield>
                        </marcx:datafield>
                      </marcx:record>
                    </marcx:collection>
                    <os:identifier>820030-katalog:919763</os:identifier>
                    <os:creationDate>2011-12-19</os:creationDate>
                    <os:relations>
                      <os:relation>
                        <os:relationType>dbcaddi:hasOnlineAccess</os:relationType>
                        <os:relationUri>http://bifrost.bib.sdu.dk:9003/sfxl̲ocal?urlv̲er=Z39.88-2004&amp;ctxv̲er=Z39.88-2004&amp;ctxe̲nc=info:ofi/enc:UTF-8&amp;rfri̲d=info:sid/sfxit.com:opac8̲56&amp;urlc̲txf̲mt=info:ofi/fmt:kev:mtx:ctx&amp;sfx.ignored̲atet̲hreshold=1&amp;rft.objecti̲d=1000000000020858&amp;svcv̲alf̲mt=info:ofi/fmt:kev:mtx:schs̲vc&amp;</os:relationUri>
                        <os:linkObject>
                          <os:linkTo>website</os:linkTo>
                          <os:linkCollectionIdentifier>820030-katalog</os:linkCollectionIdentifier>
                          <os:linkCollectionIdentifier>870970-forsk</os:linkCollectionIdentifier>
                        </os:linkObject>
                      </os:relation>
                    </os:relations>
                    <os:formatsAvailable>
                      <os:format>dkabm</os:format>
                      <os:format>marcxchange</os:format>
                    </os:formatsAvailable>
                  </os:object>
                </os:relationObject>
              </os:relation>
              <os:relation>
                <os:relationType>dbcbib:isPartOfManifestation</os:relationType>
                <os:relationUri>830060-katalog:93227395</os:relationUri>
                <os:relationObject>
                  <os:object>
                    <dkabm:record>
                      <ac:identifier>93227395|830060</ac:identifier>
                      <dc:identifier xsi:type="dkdcplus:ISSN">2245-6104</dc:identifier>
                      <ac:source>Bibliotekskatalog</ac:source>
                      <dc:title>Mandag Morgen</dc:title>
                      <dc:title xsi:type="dkdcplus:full">Mandag Morgen</dc:title>
                      <dcterms:abstract>Mandag Morgen leverer det nødvendige grundlag for beslutningstagere, der vil udvikle nye muligheder:- Indsigt i dagsordener med særlige udfordringer og muligheder- Involvering af aktører, der kan samarbejde om fælles udfordringer - Ideer til handling, der kan skabe nye muligheder- Indflydelse på udviklingen af fremtidens dagsordenerMandag Morgen formidler vores arbejde i publikationer, netværk og events målrettet beslutningstagere.</dcterms:abstract>
                      <dcterms:audience>voksenmaterialer</dcterms:audience>
                      <dc:type xsi:type="dkdcplus:BibDK-Type">Periodikum</dc:type>
                      <dc:language xsi:type="dcterms:ISO639-2">dan</dc:language>
                      <dc:language>Dansk</dc:language>
                    </dkabm:record>